@book{joachims1998text,
  title={Text categorization with support vector machines: Learning with many relevant features},
  author={Joachims, Thorsten},
  year={1998},
  publisher={Springer}
}
@article{bennett1999semi,
  title={Semi-supervised support vector machines},
  author={Bennett, Kristin and Demiriz, Ayhan and others},
  journal={Advances in Neural Information processing systems},
  pages={368--374},
  year={1999},
  publisher={MIT; 1998}
}

@incollection{menon2011link,
  title={Link prediction via matrix factorization},
  author={Menon, Aditya Krishna and Elkan, Charles},
  booktitle={Machine Learning and Knowledge Discovery in Databases},
  pages={437--452},
  year={2011},
  publisher={Springer}
}
@article{hai2014identifying,
  title={Identifying Features in Opinion Mining via Intrinsic and Extrinsic Domain Relevance.},
  author={Hai, Zhen and Chang, Kuiyu and Kim, Jung-Jae and Yang, Christopher C},
  journal={IEEE Trans. Knowl. Data Eng.},
  volume={26},
  number={3},
  pages={623--634},
  year={2014}
}
@inproceedings{li2011incorporating,
  title={Incorporating reviewer and product information for review rating prediction},
  author={Li, Fangtao and Liu, Nathan and Jin, Hongwei and Zhao, Kai and Yang, Qiang and Zhu, Xiaoyan},
  booktitle={IJCAI},
  volume={11},
  pages={1820--1825},
  year={2011}
}
@article{hsieh2014pu,
  title={PU Learning for Matrix Completion},
  author={Hsieh, Cho-Jui and Natarajan, Nagarajan and Dhillon, Inderjit S},
  journal={arXiv preprint arXiv:1411.6081},
  year={2014}
}
@article{forsati2014matrix,
  title={Matrix Factorization with Explicit Trust and Distrust Side Information for Improved Social Recommendation},
  author={Forsati, Rana and Mahdavi, Mehrdad and Shamsfard, Mehrnoush and Sarwat, Mohamed},
  journal={ACM Transactions on Information Systems (TOIS)},
  volume={32},
  number={4},
  pages={17},
  year={2014},
  publisher={ACM}
}

@inproceedings{kim2011network,
  title={The Network Completion Problem: Inferring Missing Nodes and Edges in Networks.},
  author={Kim, Myunghwan and Leskovec, Jure},
  booktitle={SDM},
  pages={47--58},
  year={2011},
  organization={SIAM}
}

@inproceedings{qu2010bag,
  title={The bag-of-opinions method for review rating prediction from sparse text patterns},
  author={Qu, Lizhen and Ifrim, Georgiana and Weikum, Gerhard},
  booktitle={Proceedings of the 23rd International Conference on Computational Linguistics},
  pages={913--921},
  year={2010},
  organization={Association for Computational Linguistics}
}

@article{chiang2014prediction,
  title={Prediction and clustering in signed networks: a local to global perspective},
  author={Chiang, Kai-Yang and Hsieh, Cho-Jui and Natarajan, Nagarajan and Dhillon, Inderjit S and Tewari, Ambuj},
  journal={The Journal of Machine Learning Research},
  volume={15},
  number={1},
  pages={1177--1213},
  year={2014},
  publisher={JMLR. org}
}

@article{tang2014negative,
  title={Negative Link Prediction in Social Media},
  author={Tang, Jiliang and Chang, Shiyu and Aggarwal, Charu and Liu, Huan},
  journal={arXiv preprint arXiv:1412.2723},
  year={2014}
}
